@misc{enwiki:cons,
	author = "{Wikipedia contributors}",
	title = "Cons --- {Wikipedia}{,} The Free Encyclopedia",
	year = "2021",
	url = "https://en.wikipedia.org/w/index.php?title=Cons&oldid=1049428255",
	note = "[Online; accessed 11-March-2022]"
}